<record><leader>00000cas a22000007a 4500</leader><controlfield tag="001">24153944</controlfield><controlfield tag="008">910730d18551857ncuwr ne      0    0eng d</controlfield><datafield ind1=" " ind2=" " tag="010"><subfield code="a">sn 91068095 </subfield></datafield><datafield ind1=" " ind2=" " tag="040"><subfield code="a">NVJ</subfield><subfield code="b">eng</subfield><subfield code="c">NVJ</subfield><subfield code="d">FUG</subfield><subfield code="d">NVJ</subfield><subfield code="d">CRL</subfield><subfield code="d">OCLCQ</subfield><subfield code="d">OCLCF</subfield><subfield code="d">OCLCO</subfield></datafield><datafield ind1="1" ind2=" " tag="029"><subfield code="a">AU@</subfield><subfield code="b">000020124962</subfield></datafield><datafield ind1=" " ind2=" " tag="042"><subfield code="a">msc</subfield></datafield><datafield ind1=" " ind2=" " tag="043"><subfield code="a">n-us-nc</subfield></datafield><datafield ind1="0" ind2="0" tag="245"><subfield code="a">North Carolina native sentinel.</subfield></datafield><datafield ind1="1" ind2="3" tag="246"><subfield code="a">N.C. native sentinel</subfield></datafield><datafield ind1="1" ind2="3" tag="246"><subfield code="a">Native sentinel</subfield></datafield><datafield ind1=" " ind2=" " tag="260"><subfield code="a">Elizabeth City, N.C. :</subfield><subfield code="b">Wm. E. Mann</subfield></datafield><datafield ind1=" " ind2=" " tag="300"><subfield code="a">v.</subfield></datafield><datafield ind1=" " ind2=" " tag="310"><subfield code="a">Weekly</subfield></datafield><datafield ind1="1" ind2=" " tag="362"><subfield code="a">Began in 1855; ceased in 1857.</subfield></datafield><datafield ind1=" " ind2=" " tag="530"><subfield code="a">Also issued on microfilm from North Carolina Dept. of Archives and History, Division of Archives and Manuscripts.</subfield></datafield><datafield ind1=" " ind2=" " tag="588"><subfield code="a">Description based on: Vol. 1, no. 19 (June 30, 1855).</subfield></datafield><datafield ind1=" " ind2="0" tag="651"><subfield code="a">Elizabeth City (N.C.)</subfield><subfield code="v">Newspapers.</subfield></datafield><datafield ind1=" " ind2="0" tag="651"><subfield code="a">Pasquotank County (N.C.)</subfield><subfield code="v">Newspapers.</subfield></datafield><datafield ind1=" " ind2="7" tag="655"><subfield code="a">Newspapers.</subfield><subfield code="2">fast</subfield><subfield code="0">(OCoLC)fst01423814</subfield></datafield><datafield ind1=" " ind2="7" tag="651"><subfield code="a">North Carolina</subfield><subfield code="z">Elizabeth City.</subfield><subfield code="2">fast</subfield><subfield code="0">(OCoLC)fst01213178</subfield></datafield><datafield ind1=" " ind2="7" tag="651"><subfield code="a">North Carolina</subfield><subfield code="z">Pasquotank County.</subfield><subfield code="2">fast</subfield><subfield code="0">(OCoLC)fst01220121</subfield></datafield><datafield ind1=" " ind2=" " tag="752"><subfield code="a">United States</subfield><subfield code="b">North Carolina</subfield><subfield code="c">Pasquotank</subfield><subfield code="d">Elizabeth City.</subfield></datafield><datafield ind1="0" ind2="0" tag="785"><subfield code="t">American sentinel (Elizabeth City, N.C.)</subfield><subfield code="w">(DLC)sn 97064647</subfield><subfield code="w">(OCoLC)39267080</subfield></datafield></record>